<?xml version="1.0" encoding="UTF-8"?><record xmlns="http://www.loc.gov/MARC21/slim" xmlns:cinclude="http://apache.org/cocoon/include/1.0" xmlns:zs="http://www.loc.gov/zing/srw/">
  <leader>00908cz  a2200193n  4500</leader>
  <controlfield tag="001">nr2004010521</controlfield>
  <controlfield tag="003">DLC</controlfield>
  <controlfield tag="005">20161201082442.0</controlfield>
  <controlfield tag="008">040402n| azannaabn          |b ana      </controlfield>
  <datafield tag="010" ind1=" " ind2=" ">
    <subfield code="a">nr2004010521</subfield>
    <subfield code="z">n 2008054462</subfield>
    <subfield code="z">nr2006011124</subfield>
  </datafield>
  <datafield tag="035" ind1=" " ind2=" ">
    <subfield code="a">(OCoLC)oca06316003</subfield>
  </datafield>
  <datafield tag="040" ind1=" " ind2=" ">
    <subfield code="a">DLC-R</subfield>
    <subfield code="b">eng</subfield>
    <subfield code="e">rda</subfield>
    <subfield code="c">DLC-R</subfield>
    <subfield code="d">OCoLC</subfield>
    <subfield code="d">DLC</subfield>
  </datafield>
  <datafield tag="110" ind1="2" ind2=" ">
    <subfield code="a">Kokuritsu Kokkai Toshokan (Japan).</subfield>
    <subfield code="b">Kansaikan</subfield>
  </datafield>
  <datafield tag="410" ind1="2" ind2=" ">
    <subfield code="w">nne</subfield>
    <subfield code="a">Kokuritsu Kokkai Toshokan (Japan).</subfield>
    <subfield code="b">Kansai-kan</subfield>
  </datafield>
  <datafield tag="410" ind1="2" ind2=" ">
    <subfield code="a">国立国会図書館 (Japan).</subfield>
    <subfield code="b">関西館</subfield>
  </datafield>
  <datafield tag="667" ind1=" " ind2=" ">
    <subfield code="a">Machine-derived non-Latin script reference project.</subfield>
  </datafield>
  <datafield tag="667" ind1=" " ind2=" ">
    <subfield code="a">Non-Latin script reference not evaluated.</subfield>
  </datafield>
  <datafield tag="670" ind1=" " ind2=" ">
    <subfield code="a">Kokuritsu Kokkai Toshokan Kansaikan jigyō kiroku, 2002:</subfield>
    <subfield code="b">p. 4, etc. (loc. Kyōto-fu Sōraku-gun Seika-chō; open Oct. 2002)</subfield>
  </datafield>
  <datafield tag="670" ind1=" " ind2=" ">
    <subfield code="a">Toshokan shinseiki, 2003:</subfield>
    <subfield code="b">t.p. (Kokuritsu Kokkai Toshokan Kansai-kan) p. iii, etc. (Kokuritsu Kokkai Toshokan Kansai-kan opened Oct., 2002)</subfield>
  </datafield>
</record>